2520 4394
154 228 246 333 Xy,
419 216 422 223 '
485 180 850 298 'rainnlrro

143 418 213 476 ut
231 403 279 478 a'd
311 398 514 481 bomlnum
545 426 632 479 usus
667 340 925 527 divulgaretur
945 405 1112 501 'scriptor
1144 406 1192 477 de

111 508 113 513 ’
155 532 230 601 quo
268 532 388 579 sermo
425 524 490 578 est.
541 511 621 579 Hoc
652 512 754 580 enirn
788 510 945 579 nornine
972 512 1053 581 solo
1087 508 1191 579 haud

152 610 392 683 inediocriter
430 611 477 679 de
507 613 624 687 bonis
657 614 773 684 literis
800 627 995 697 meretur,
1048 612 1114 703 qui
1126 611 1189 681 id

151 734 273 791 unum
306 715 401 809 agit,
437 727 481 782 ut
507 730 677 785 veterum
704 714 819 783 libros
844 716 905 784 vel
926 715 1037 783 nulla
1064 712 1198 782 addita·

66 902 69 907 .
153 814 218 883 vel
237 816 490 887 ‘translatione
524 818 586 886 vel
617 818 928 911 interpretatione
962 815 1195 911 recudendos

85 944 89 953 ·
143 922 266 1011 curat
319 918 512 986 Praeterea
545 920 593 989 εἰ·
610 920 745 993 multa·
767 918 829 987 ad=
845 919 1050 988 Ctesi'am
1063 960 1068 969 ·
1083 917 1189 987 illus-

64 1038 68 1049 “
150 1019 329 1093 nondam
360 1020 534 1115 colligere
566 1022 606 1093 in
623 1024 772 1090 ·animb·-
791 1020 936 1106 fuisset,
967 1020 1189 1095 -iustodiu-

151 1116 226 1198 tias
242 1124 293 1191 -in
320 1121 462 1192 scriniis
491 1122 682 1210 latuisset,
719 1120 825 1215 ‘quod
847 1122 992 1193 nolui.-
1019 1122 1086 1190 His
1114 1121 1189 1217 igi·
1221 1148 1224 1153 ·

151 1236 225 1307 tur,
243 1246 345 1317 =quae
370 1224 496 1293 Tibi’
484 1238 569 1295 ratu
584 1227 793 1319 praebeo,
789 1238 1007 1293 contentum
1030 1226 1087 1293 Te
1102 1245 1190 1292 esse

150 1325 332 1396 velitult.
355 1324 418 1410 B,
458 1342 598 1413 cetera,
630 1348 729 1419 quae
754 1311 906 1429 desunt,
943 1328 1038 1395 noli
1046 1348 1191 1398 curare.-
1248 1396 1252 1405 ,

148 1426 292 1498 Indices
326 1427 457 1496 adbuc
493 1452 588 1498 non
608 1429 824 1514 exstabant,
867 1451 1004 1519 eosque
1039 1444 1191 1499 summo·
1233 1448 1238 1457 ·

149 1521 273 1603 studio
305 1530 465 1615 confeci,
500 1545 614 1623 atque
644 1532 780 1625 passim
806 1526 991 1600 nonnulla
1016 1552 1112 1621 quae
1137 1527 1189 1599 ud

53 1624 56 1629 ’
149 1630 348 1705 Ctesiam
369 1631 648 1702 ¹illustrandum
682 1635 803 1702 lacere
837 1634 947 1701 mihi·
965 1633 1192 1701 videbantur·

148 1733 305 1803 intexut
376 1734 580 1805 Tertium
594 1735 760 1805 iudicem
795 1733 1031 1830 benignitati
1064 1732 1193 1803 amici

148 1835 341 1906 cuiusdam
369 1850 568 1965 acceptum
588 1858 653 1917 me
681 1838 842 1925 relerre,
876 1851 1034 1907 nonest
1062 1849 1187 1907 tacen-

149 1936 250 2035 dum.
321 1964 323 1970 ’
546 1964 549 1969 ·
622 1962 626 1973 ·
1057 1968 1060 1975 ·
1182 1954 1191 1969 “

63 2074 68 2103 .-
159 2074 163 2079 -
247 2037 320 2107 Sed
353 2020 555 2156 antequarri
588 2039 679 2109 huic
714 2012 1056 2143 praefatiunculae
1054 2040 1187 2111 finem

52 2180 55 2185 ·
147 2141 360 2234 imponam,
384 2143 481 2211 iusta
508 2137 618 2211 laude
644 2131 889 2235 praedicanda
917 2143 1012 2211 mihi
1039 2157 1096 2210 est
1121 2143 1186 2210 be·

59 2330 66 2345 ¹
147 2244 310 2340 nignitas
351 2258 465 2335 atque
496 2242 709 2321 humanitas
744 2245 879 2319 eximia
911 2245 1055 2335 Equitis
1084 2242 1186 2313 ordi-

63 2409 65 2413 ,
147 2348 205 2415 nis
231 2346 391 2415 Danebr.
418 2347 673 2436 Tychsenii
698 2344 740 2413 V.
762 2346 948 2415 Celeberr.
970 2345 1186 2416 Professoris

145 2449 188 2518 i'n
215 2448 413 2517 Academia
440 2440 565 2517 nostra
593 2448 847 2517 Orientalium
874 2448 1093 2543 linguarum
1119 2470 1186 2539 pe,

146 2549 334 2635 ritissimi,
364 2550 458 2640 qui,
495 2562 540 2618 ut
572 2550 685 2618 huius
717 2548 891 2618 editionis
919 2566 1184 2619 ornamentum

20 2660 26 2669 '
75 2664 92 2721 .’
147 2666 260 2735 esset,
297 2674 340 2719 ea
371 2674 466 2742 quae
491 2652 581 2721 olim
617 2651 666 2721 de
688 2653 810 2721 verbis
841 2651 1011 2721 Indicis
1000 2674 1042 2721 ιιι
1066 2652 1184 2720 Hee

54 2777 61 2792 ·
146 2753 271 2824 renii
295 2756 336 2822 V
363 2754 431 2820 Cel
434 2754 533 2822 eber
569 2752 667 2821 ideis
703 2757 893 2844 praeclare
925 2755 1185 2846 disputaverat,

146 2856 269 2925 denuo
296 2856 482 2947 percurrit
508 2872 546 2923 et
572 2856 642 2924 alia
668 2855 716 2922 ad
742 2852 1185 2945 vr.quaedam1nPer··

38 2956 75 3005 '¹¹'
145 2956 225 3028 sicis
250 2957 356 3027 obvia
382 2957 609 3050 explicanda¹
628 2955 789 3042 addidit,
832 2958 991 3048 quaein
1017 2959 1185 3027 Excursu

145 3058 234 3129 Tibi
264 3058 305 3128 in
333 3060 494 3129 latinum
518 3082 729 3131 sermonem
756 3082 778 3126 a
803 3082 864 3129 rne
899 3081 1091 3131 conversa·
1108 3060 1187 3127 iam

143 3160 263 3233 trado.
277 3196 330 3215 --
354 3163 444 3231 Vale
468 3160 510 3233 L.
526 3160 564 3229 B.
588 3174 707 3253 atque.
722 3160 882 3255 inceptis
908 3162 1002 3231 meis
1027 3162 1185 3229 lave-

195 3362 340 3434 Dabam
359 3363 580 3464 Gottingae,
594 3316 761 3436 'Calend
783 3362 855 3434 Iul.
878 3360 1184 3435 MDCCCXXIII.

485 3632 854 3663 Np--n--ss—
