2512 4388
102 216 181 293 290
239 204 440 281 crassa
465 146 679 290 mamm,
706 205 1038 281 remansae.

108 386 201 480 quid
232 386 418 480 scripserit
450 384 624 456 Ctesias
655 385 819 459 indicare
850 387 918 458 tibi
949 410 1028 459 non
1057 412 1142 482 pos·

85 513 198 560 sum.
251 488 448 589 Postquam
484 488 587 557 enim
620 493 787 561 narravit
811 490 1003 578 cranone,
1044 492 1141 561 urbe

104 592 341 678 Thessaliae,
381 612 456 658 esse
486 593 617 660 saltem
632 591 743 662 ‘duos
773 615 918 677 corvos,
960 617 1030 664 nec
1067 615 1142 663 un·
1177 608 1180 613 ·

23 722 28 731 ·
105 718 219 788 quam
245 695 389 788 plures.
406 692 459 763 ibi
484 691 599 764 visos:
643 694 778 785 quibus
802 695 983 777 interiicit
1009 694 1140 765 dein·
1172 784 1175 789 Ι

104 798 269 869 colarum
292 817 399 885 aereo
423 817 534 864 curru
560 817 673 881 sacro,
700 820 774 888 quo
798 798 947 891 pulsato
966 811 1006 868 et
1024 796 1143 866 deum
1167 804 1172 819 ¹

103 898 244 993 precati
274 899 478 992 impetrant
509 896 696 989 pluviam:
737 913 821 967 tum
850 924 896 969 ex
923 901 1141 993 Theopom-

104 1025 155 1095 po
186 1000 315 1080 addit,
359 1021 419 1068 eos
452 1021 579 1067 corvos
611 1000 756 1076 tamdiu
791 1001 962 1073 Cranone
998 1001 1142 1069 morari

106 1104 196 1173 dum
236 1102 358 1195 pullos
395 1099 661 1189 edittaverint,
709 1101 843 1193 quibus
881 1118 963 1173 turn
1000 1102 1142 1171 relictis
1177 1180 1181 1187 ¹

104 1206 175 1298 ipsi
200 1204 334 1271 abeant
356 1208 494 1270 statim.
548 1201 634 1271 Post
667 1226 763 1294 quae
791 1204 842 1272 ita
872 1206 942 1290 ait,
976 1206 1141 1290 historia,

104 1322 150 1376 ut
173 1306 339 1404 signant,
367 1305 462 1372 XVI.
491 1301 535 1371 G.
557 1303 644 1395 Xyl.
668 1307 885 1445 interprete
937 1306 1084 1377 Gron.
1164 1378 1167 1389 1

204 1485 317 1569 Καὶί
315 1508 335 1553 α
351 1476 566 1569 Ἐκβατάνοις
588 1486 623 1551 δὲ
645 1490 703 1553 καὶ
729 1488 764 1553 ἐν
784 1489 932 1576 Πέρσαις
953 1487 1141 1569 Κτησίας
1168 1537 1170 1541 ,

104 1591 231 1679 ἱστορεῖ
259 1576 491 1677 παραπλήσιόν
525 1611 558 1653 τι
601 1582 751 1705 τούτοις
805 1584 861 1654 διὰ
893 1591 929 1656 δὲ
961 1583 1001 1656 τὸ
1036 1582 1143 1679 αι’)’τρα

26 1748 34 1759 .
103 1685 210 1789 troiia
224 1682 422 1787 ψεύδεσθαι
442 1688 677 1784 ἀαρελιίιιομιιι
705 1685 767 1770 τὴν
789 1685 933 1789 ἕκλοχὴν.
985 1686 1114 1759 Καὶ
1075 1716 1140 1783 γαρ

64 1800 69 1809 ’
104 1792 255 1885 ἐφαίνετο
281 1770 474 1881 τιρατώδης.
954 1852 957 1856 ,

203 1967 337 2036 Narrat
361 1962 539 2051 Ctesias
562 1965 712 2058 aliquid
738 1966 829 2034 huic
862 1965 1041 2039 historiae
1078 1969 1140 2038 ad.

105 2067 251 2154 simile,
291 2066 392 2158 quod
423 2069 614 2136 Ecbatanis
649 2083 686 2139 et
718 2069 757 2136 in
780 2068 904 2137 Persia
927 2070 1018 2140 ,fiat
1068 2072 1141 2166 Sed

107 2172 193 2265 quia
218 2170 337 2241 muita
365 2173 394 2238 is
419 2173 611 2255 mentitur,
638 2191 703 2239 nos
722 2169 921 2262 decerpere
948 2192 1030 2242 eam
1055 2196 1141 2244 nar-

71 2275 308 2407 rationem,
330 2295 416 2347 cum
430 2287 644 2349 monstrosa
667 2272 856 2359 videatur,
883 2274 1087 2374 omisimus.
1155 2341 1159 2345 .

576 2430 664 2507 xlv.
703 2501 705 2507 .

204 2526 409 2676 [Postremo
447 2524 529 2627 loco
561 2550 838 2652 fragmentum
848 2557 980 2628 incerti
1016 2561 1140 2655 cuius-

11 2720 14 2730 .
69 2694 72 2699 ·
104 2659 206 2731 darn
224 2660 407 2753 scriptoris
445 2682 500 2729 ex
520 2658 653 2728 eodem
686 2658 874 2753 Antigono
902 2656 1008 2753 (cap
1036 2664 1140 2757 128.)

104 2785 152 2855 pe
154 2762 285 2847 rtum,
318 2760 435 2844 addo,
476 2759 574 2850 quod
605 2760 786 2828 Ctesias
823 2761 922 2831 haud
936 2761 1140 2859 imp'roba·

103 2864 230 2933 biliter
260 2860 508 2931 tribuendum
540 2884 620 2930 esse
654 2862 855 2954 suspicatus
895 2879 954 2933 est
971 2862 1139 2951 Nicias

18 3040 21 3047 ,
104 2965 151 3036 ad
170 2965 322 3037 '.euml
360 2988 394 3057 p.
410 2960 506 3055 177.
536 2963 594 3032 ed.
630 2962 823 3035 Beckman.
889 2954 1018 3037 Verba·
1041 2952 1140 3042 haec

56 3133 58 3137 .
104 3082 215 3150 sunt:
241 3063 475 3152 „aaaron”
459 3063 770 3189 or‘oroproppoirpor,
777 3063 1008 3163 Ἀρσαμαν
972 3068 1037 3143 τὸν
1050 3078 1138 3169 Πέρ-

1 3203 3 3210 ·
103 3196 165 3255 σην
186 3166 332 3255 ιῧθθςῇ
317 3199 351 3239 ex
370 3173 506 3258 γενετῆς
532 3164 713 3265 ὀδόντας”
694 3187 795 3257 ezerr
844 3168 867 3236 i
891 3186 931 3240 e..
924 3166 1137 3275 Historiae

102 3274 258 3366 scriptor
290 3274 363 3355 ait,
400 3274 577 3353 Arsamen
606 3260 754 3338 Persam
780 3250 928 3340 natum
938 3266 1012 3342 esse
1036 3275 1135 3361 tien·

64 3372 65 3376 ’
103 3378 258 3445 ratum“
310 3373 401 3467 Quis
434 3374 482 3442 sit
495 3372 675 3449 Arsames
706 3380 782 3440 nori
806 3368 958 3459 constat.
995 3358 1138 3453 Frater

102 3477 338 3562 Artaxerxis,
348 3473 474 3544 Darii
467 3489 602 3567 pater,
629 3473 742 3548 huius
764 3468 925 3547 nominis
943 3486 1135 3570 memora-

47 3591 176 3663 Itur,
202 3577 267 3650 de
264 3602 405 3672 ·.quov
431 3576 653 3670 Wesseling.
662 3570 723 3645 ad
750 3575 900 3647 Diodor.
911 3589 975 3660 17.
999 3595 1136 3690 pm„-

101 3694 246 3775 praeter
284 3678 385 3753 hunc
403 3678 560 3755 Ciliciae
591 3694 755 3774 satrapae
782 3676 1019 3758 mentionem
1046 3686 1134 3759 iecit

101 3782 282 3855 Curtius
309 3783 367 3857 De
384 3804 447 3889 re·
461 3782 505 3851 cf.
532 3780 727 3899 Beckman
750 3780 863 3897 etih.
890 3778 968 3874 l.J

512 4012 514 4018 Ι
706 3994 823 4011 ¹1¹¹*
892 4000 929 4013 aa
1114 3996 1117 4003 ¹
