<?xml version="1.0" encoding="UTF-8"?>
<!DOCTYPE html PUBLIC "-//W3C//DTD XHTML 1.0 Transitional//EN"
    "http://www.w3.org/TR/xhtml1/DTD/xhtml1-transitional.dtd">
<html xmlns="http://www.w3.org/1999/xhtml" xml:lang="en" lang="en">
 <head>
  <title>
</title>
<meta http-equiv="Content-Type" content="text/html;charset=utf-8" />
  <meta name='ocr-system' content='tesseract 3.04.00' />
  <meta name='ocr-capabilities' content='ocr_page ocr_carea ocr_par ocr_line ocrx_word'/>
</head>
<body>
  <div class='ocr_page' id='page_1' title='image "./ctesiaecnidiiqu00ctesgoog_0040.png"; bbox 0 0 2520 4394; ppageno 0'>
   <div class='ocr_carea' id='block_1_1' title="bbox 414 192 1118 319">
    <p class='ocr_par' dir='ltr' id='par_1_1' title="bbox 414 192 1118 319">
     <span class='ocr_line' id='line_1_1' title="bbox 414 192 1118 319; baseline -0.009 -6"><span class='ocrx_word' id='word_1_1' title='bbox 414 192 779 315; x_wconf 69' lang='lat' dir='ltr'><strong>unsaraim</strong></span> <span class='ocrx_word' id='word_1_2' title='bbox 936 256 939 261; x_wconf 56' lang='grc'>’</span> <span class='ocrx_word' id='word_1_3' title='bbox 1031 239 1118 319; x_wconf 58' lang='lat' dir='ltr'><strong>:xv</strong></span> 
     </span>
    </p>
   </div>
   <div class='ocr_carea' id='block_1_2' title="bbox 66 408 1208 1234">
    <p class='ocr_par' dir='ltr' id='par_1_2' title="bbox 70 408 1171 520">
     <span class='ocr_line' id='line_1_2' title="bbox 70 408 1171 520; baseline -0.005 -24"><span class='ocrx_word' id='word_1_4' title='bbox 70 436 145 520; x_wconf 87' lang='lat' dir='ltr'><strong>ptu</strong></span> <span class='ocrx_word' id='word_1_5' title='bbox 173 420 244 495; x_wconf 86' lang='lat' dir='ltr'><strong>tibi</strong></span> <span class='ocrx_word' id='word_1_6' title='bbox 273 418 373 513; x_wconf 88' lang='lat' dir='ltr'><strong>quod</strong></span> <span class='ocrx_word' id='word_1_7' title='bbox 395 420 469 490; x_wconf 88' lang='lat' dir='ltr'><strong>illis</strong></span> <span class='ocrx_word' id='word_1_8' title='bbox 492 420 736 516; x_wconf 68' lang='lat' dir='ltr'>nugatoribus</span> <span class='ocrx_word' id='word_1_9' title='bbox 761 418 1000 517; x_wconf 85' lang='lat' dir='ltr'><strong>respondeas,</strong></span> <span class='ocrx_word' id='word_1_10' title='bbox 1040 442 1115 491; x_wconf 83' lang='lat' dir='ltr'><strong>esse</strong></span> <span class='ocrx_word' id='word_1_11' title='bbox 1167 408 1171 415; x_wconf 64' lang='grc'>’</span> 
     </span>
    </p>

    <p class='ocr_par' dir='ltr' id='par_1_3' title="bbox 66 514 1208 1234">
     <span class='ocr_line' id='line_1_3' title="bbox 69 514 1197 645; baseline -0.001 -48"><span class='ocrx_word' id='word_1_12' title='bbox 69 526 216 645; x_wconf 68' lang='lat' dir='ltr'><strong>pessit.</strong></span> <span class='ocrx_word' id='word_1_13' title='bbox 237 522 385 616; x_wconf 81' lang='lat' dir='ltr'><strong>Quod</strong></span> <span class='ocrx_word' id='word_1_14' title='bbox 398 525 428 593; x_wconf 86' lang='lat' dir='ltr'><strong>si</strong></span> <span class='ocrx_word' id='word_1_15' title='bbox 453 525 542 615; x_wconf 88' lang='lat' dir='ltr'><strong>quis</strong></span> <span class='ocrx_word' id='word_1_16' title='bbox 577 528 641 603; x_wconf 67' lang='lat' dir='ltr'><strong>me</strong></span> <span class='ocrx_word' id='word_1_17' title='bbox 671 536 799 617; x_wconf 74' lang='lat' dir='ltr'><strong>roget,</strong></span> <span class='ocrx_word' id='word_1_18' title='bbox 835 546 881 593; x_wconf 90' lang='lat' dir='ltr'><strong>an</strong></span> <span class='ocrx_word' id='word_1_19' title='bbox 918 545 987 592; x_wconf 93' lang='lat' dir='ltr'><strong>nec</strong></span> <span class='ocrx_word' id='word_1_20' title='bbox 1011 514 1117 596; x_wconf 87' lang='lat' dir='ltr'><strong>Cte·</strong></span> <span class='ocrx_word' id='word_1_21' title='bbox 1194 554 1197 559; x_wconf 86' lang='lat'><em>·</em></span> 
     </span>
     <span class='ocr_line' id='line_1_4' title="bbox 69 623 1208 713; baseline 0.001 -14"><span class='ocrx_word' id='word_1_22' title='bbox 69 631 188 713; x_wconf 82' lang='lat' dir='ltr'><strong>aiae,</strong></span> <span class='ocrx_word' id='word_1_23' title='bbox 225 650 295 699; x_wconf 84' lang='lat' dir='ltr'><strong>nec</strong></span> <span class='ocrx_word' id='word_1_24' title='bbox 320 626 399 695; x_wconf 88' lang='lat' dir='ltr'><strong>aliis</strong></span> <span class='ocrx_word' id='word_1_25' title='bbox 424 626 578 695; x_wconf 85' lang='lat' dir='ltr'><strong>vetustis</strong></span> <span class='ocrx_word' id='word_1_26' title='bbox 602 627 796 696; x_wconf 71' lang='lat' dir='ltr'><strong>autoribus</strong></span> <span class='ocrx_word' id='word_1_27' title='bbox 831 642 958 695; x_wconf 86' lang='lat' dir='ltr'><strong>rerum</strong></span> <span class='ocrx_word' id='word_1_28' title='bbox 984 626 1116 700; x_wconf 85' lang='lat' dir='ltr'><strong>huius-</strong></span> <span class='ocrx_word' id='word_1_29' title='bbox 1203 623 1208 630; x_wconf 68' lang='grc'><em>’</em></span> 
     </span>
     <span class='ocr_line' id='line_1_5' title="bbox 70 726 1115 822; baseline 0 -21"><span class='ocrx_word' id='word_1_30' title='bbox 70 730 177 801; x_wconf 92' lang='lat' dir='ltr'><strong>modi</strong></span> <span class='ocrx_word' id='word_1_31' title='bbox 215 730 411 799; x_wconf 77' lang='lat' dir='ltr'><strong>historiam</strong></span> <span class='ocrx_word' id='word_1_32' title='bbox 429 726 732 797; x_wconf 83' lang='lat' dir='ltr'><strong>describentibus</strong></span> <span class='ocrx_word' id='word_1_33' title='bbox 766 726 1023 822; x_wconf 85' lang='lat' dir='ltr'><strong>derogandam</strong></span> <span class='ocrx_word' id='word_1_34' title='bbox 1056 756 1115 803; x_wconf 83' lang='lat' dir='ltr'><strong>ar-</strong></span> 
     </span>
     <span class='ocr_line' id='line_1_6' title="bbox 70 829 1116 923; baseline -0.002 -20"><span class='ocrx_word' id='word_1_35' title='bbox 70 834 195 907; x_wconf 83' lang='lat' dir='ltr'><strong>bitrer</strong></span> <span class='ocrx_word' id='word_1_36' title='bbox 220 853 297 903; x_wconf 84' lang='lat' dir='ltr'><strong>esse</strong></span> <span class='ocrx_word' id='word_1_37' title='bbox 323 830 458 914; x_wconf 78' lang='lat' dir='ltr'><strong>sidem,</strong></span> <span class='ocrx_word' id='word_1_38' title='bbox 490 829 560 898; x_wconf 87' lang='lat' dir='ltr'><strong>ille</strong></span> <span class='ocrx_word' id='word_1_39' title='bbox 590 853 610 897; x_wconf 87' lang='lat' dir='ltr'><strong>a</strong></span> <span class='ocrx_word' id='word_1_40' title='bbox 637 854 697 901; x_wconf 88' lang='lat' dir='ltr'><strong>me</strong></span> <span class='ocrx_word' id='word_1_41' title='bbox 721 830 790 900; x_wconf 88' lang='lat' dir='ltr'><strong>hoc</strong></span> <span class='ocrx_word' id='word_1_42' title='bbox 817 853 1035 923; x_wconf 83' lang='lat' dir='ltr'><strong>responsum</strong></span> <span class='ocrx_word' id='word_1_43' title='bbox 1060 836 1116 906; x_wconf 68' lang='lat' dir='ltr'><strong>fe,-</strong></span> 
     </span>
     <span class='ocr_line' id='line_1_7' title="bbox 66 932 1196 1029; baseline 0.001 -24"><span class='ocrx_word' id='word_1_44' title='bbox 66 950 150 1005; x_wconf 78' lang='lat' dir='ltr'><strong>ret:</strong></span> <span class='ocrx_word' id='word_1_45' title='bbox 174 957 237 1004; x_wconf 92' lang='lat' dir='ltr'><strong>me</strong></span> <span class='ocrx_word' id='word_1_46' title='bbox 263 933 364 1003; x_wconf 86' lang='lat' dir='ltr'><strong>domi</strong></span> <span class='ocrx_word' id='word_1_47' title='bbox 383 947 430 1001; x_wconf 85' lang='lat' dir='ltr'><strong>et</strong></span> <span class='ocrx_word' id='word_1_48' title='bbox 452 933 493 1000; x_wconf 90' lang='lat' dir='ltr'><strong>in</strong></span> <span class='ocrx_word' id='word_1_49' title='bbox 518 932 637 1025; x_wconf 82' lang='lat' dir='ltr'><strong>patria</strong></span> <span class='ocrx_word' id='word_1_50' title='bbox 662 955 745 1002; x_wconf 86' lang='lat' dir='ltr'><strong>mea</strong></span> <span class='ocrx_word' id='word_1_51' title='bbox 767 946 825 1001; x_wconf 92' lang='lat' dir='ltr'><strong>tot</strong></span> <span class='ocrx_word' id='word_1_52' title='bbox 851 947 1031 1025; x_wconf 87' lang='lat' dir='ltr'><strong>tantaque</strong></span> <span class='ocrx_word' id='word_1_53' title='bbox 1056 960 1115 1029; x_wconf 79' lang='lat' dir='ltr'><strong>re·</strong></span> <span class='ocrx_word' id='word_1_54' title='bbox 1155 972 1158 979; x_wconf 93' lang='lat'>·</span> <span class='ocrx_word' id='word_1_55' title='bbox 1189 1004 1196 1013; x_wconf 72' lang='grc'><strong><em>,</em></strong></span> 
     </span>
     <span class='ocr_line' id='line_1_8' title="bbox 72 1034 1179 1130; baseline 0.003 -24"><span class='ocrx_word' id='word_1_56' title='bbox 72 1060 160 1106; x_wconf 88' lang='lat' dir='ltr'><strong>rum</strong></span> <span class='ocrx_word' id='word_1_57' title='bbox 189 1035 481 1127; x_wconf 80' lang='lat' dir='ltr'><strong>ridere-passim</strong></span> <span class='ocrx_word' id='word_1_58' title='bbox 498 1034 696 1120; x_wconf 80' lang='lat' dir='ltr'><strong>miracula,</strong></span> <span class='ocrx_word' id='word_1_59' title='bbox 723 1047 765 1104; x_wconf 92' lang='lat' dir='ltr'><strong>ut</strong></span> <span class='ocrx_word' id='word_1_60' title='bbox 792 1058 913 1124; x_wconf 90' lang='lat' dir='ltr'><strong>quum</strong></span> <span class='ocrx_word' id='word_1_61' title='bbox 939 1037 1025 1105; x_wconf 86' lang='lat' dir='ltr'><strong>illos</strong></span> <span class='ocrx_word' id='word_1_62' title='bbox 1049 1038 1115 1130; x_wconf 84' lang='lat' dir='ltr'><strong>qui</strong></span> <span class='ocrx_word' id='word_1_63' title='bbox 1174 1070 1179 1077; x_wconf 88' lang='lat'>·</span> 
     </span>
     <span class='ocr_line' id='line_1_9' title="bbox 69 1136 1113 1234; baseline 0.003 -27"><span class='ocrx_word' id='word_1_64' title='bbox 69 1137 129 1209; x_wconf 84' lang='lat' dir='ltr'><strong>de.</strong></span> <span class='ocrx_word' id='word_1_65' title='bbox 168 1138 460 1233; x_wconf 78' lang='lat' dir='ltr'><strong>peregrinarum</strong></span> <span class='ocrx_word' id='word_1_66' title='bbox 496 1138 695 1232; x_wconf 81' lang='lat' dir='ltr'><strong>regionum</strong></span> <span class='ocrx_word' id='word_1_67' title='bbox 738 1136 927 1207; x_wconf 83' lang='lat' dir='ltr'><strong>miraculis</strong></span> <span class='ocrx_word' id='word_1_68' title='bbox 962 1141 1113 1234; x_wconf 83' lang='lat' dir='ltr'><strong>scripse-</strong></span> 
     </span>
    </p>
   </div>
   <div class='ocr_carea' id='block_1_3' title="bbox 66 1236 1223 1337">
    <p class='ocr_par' dir='ltr' id='par_1_4' title="bbox 66 1236 1223 1337">
     <span class='ocr_line' id='line_1_10' title="bbox 66 1236 1223 1337; baseline 0.005 -26"><span class='ocrx_word' id='word_1_69' title='bbox 66 1254 162 1315; x_wconf 77' lang='lat' dir='ltr'><strong>runt</strong></span> <span class='ocrx_word' id='word_1_70' title='bbox 189 1240 297 1337; x_wconf 82' lang='lat' dir='ltr'><strong>lego:</strong></span> <span class='ocrx_word' id='word_1_71' title='bbox 331 1252 415 1307; x_wconf 90' lang='lat' dir='ltr'><strong>turn</strong></span> <span class='ocrx_word' id='word_1_72' title='bbox 443 1236 597 1309; x_wconf 90' lang='lat' dir='ltr'><strong>demum</strong></span> <span class='ocrx_word' id='word_1_73' title='bbox 627 1238 752 1323; x_wconf 80' lang='lat' dir='ltr'><strong>velim,</strong></span> <span class='ocrx_word' id='word_1_74' title='bbox 777 1239 983 1331; x_wconf 86' lang='lat' dir='ltr'><strong>Scepticaru</strong></span> <span class='ocrx_word' id='word_1_75' title='bbox 1006 1264 1114 1317; x_wconf 60' lang='lat' dir='ltr'><strong>usure</strong></span> <span class='ocrx_word' id='word_1_76' title='bbox 1163 1316 1166 1321; x_wconf 85' lang='grc'>,</span> <span class='ocrx_word' id='word_1_77' title='bbox 1219 1309 1223 1317; x_wconf 95' lang='grc'>.</span> 
     </span>
    </p>
   </div>
   <div class='ocr_carea' id='block_1_4' title="bbox 13 1336 1203 3168">
    <p class='ocr_par' dir='ltr' id='par_1_5' title="bbox 13 1336 1203 3165">
     <span class='ocr_line' id='line_1_11' title="bbox 68 1336 1116 1436; baseline 0.004 -25"><span class='ocrx_word' id='word_1_78' title='bbox 68 1343 204 1436; x_wconf 66' lang='lat' dir='ltr'><strong>pantr&#39;</strong></span> <span class='ocrx_word' id='word_1_79' title='bbox 188 1340 327 1433; x_wconf 68' lang='grc' dir='ltr'><strong><em>εποχὴν,</em></strong></span> <span class='ocrx_word' id='word_1_80' title='bbox 368 1336 562 1409; x_wconf 84' lang='lat' dir='ltr'><strong>dicere&#39;</strong></span> <span class='ocrx_word' id='word_1_81' title='bbox 524 1368 564 1411; x_wconf 85' lang='grc' dir='ltr'><strong>ου</strong></span> <span class='ocrx_word' id='word_1_82' title='bbox 590 1344 740 1430; x_wconf 78' lang='grc' dir='ltr'><em>μᾶλλον,</em></span> <span class='ocrx_word' id='word_1_83' title='bbox 779 1340 818 1409; x_wconf 90' lang='lat' dir='ltr'><strong>id</strong></span> <span class='ocrx_word' id='word_1_84' title='bbox 845 1357 916 1410; x_wconf 90' lang='lat' dir='ltr'><strong>est</strong></span> <span class='ocrx_word' id='word_1_85' title='bbox 925 1340 966 1413; x_wconf 79' lang='grc' dir='ltr'><strong>οὐ</strong></span> <span class='ocrx_word' id='word_1_86' title='bbox 988 1348 1116 1435; x_wconf 76' lang='grc' dir='ltr'><strong><em>μᾶλλον</em></strong></span> 
     </span>
     <span class='ocr_line' id='line_1_12' title="bbox 66 1438 1115 1539; baseline 0.003 -23"><span class='ocrx_word' id='word_1_87' title='bbox 66 1438 232 1525; x_wconf 73' lang='grc' dir='ltr'><strong>πιστεύω,</strong></span> <span class='ocrx_word' id='word_1_88' title='bbox 251 1440 290 1527; x_wconf 69' lang='grc' dir='ltr'>ἢ</span> <span class='ocrx_word' id='word_1_89' title='bbox 317 1438 363 1513; x_wconf 76' lang='lat' dir='ltr'><strong>ari</strong></span> <span class='ocrx_word' id='word_1_90' title='bbox 400 1439 549 1513; x_wconf 69' lang='lat' dir='ltr'><strong>usuraria.</strong></span> <span class='ocrx_word' id='word_1_91' title='bbox 601 1441 651 1515; x_wconf 87' lang='lat' dir='ltr'><strong>si</strong></span> <span class='ocrx_word' id='word_1_92' title='bbox 668 1456 818 1510; x_wconf 89' lang='lat' dir='ltr'><strong>tanturn</strong></span> <span class='ocrx_word' id='word_1_93' title='bbox 849 1443 916 1515; x_wconf 91' lang='lat' dir='ltr'><strong>illa</strong></span> <span class='ocrx_word' id='word_1_94' title='bbox 953 1448 1115 1539; x_wconf 78' lang='lat' dir='ltr'><strong>excipias</strong></span> 
     </span>
     <span class='ocr_line' id='line_1_13' title="bbox 69 1524 1114 1643; baseline 0.004 -28"><span class='ocrx_word' id='word_1_95' title='bbox 69 1567 202 1641; x_wconf 71' lang='lat' dir='ltr'><strong>quae,</strong></span> <span class='ocrx_word' id='word_1_96' title='bbox 194 1545 257 1615; x_wconf 91' lang='lat' dir='ltr'><strong>ita·</strong></span> <span class='ocrx_word' id='word_1_97' title='bbox 274 1568 295 1643; x_wconf 85' lang='lat' dir='ltr'><strong>a</strong></span> <span class='ocrx_word' id='word_1_98' title='bbox 321 1543 471 1621; x_wconf 84' lang='lat' dir='ltr'><strong>ratione</strong></span> <span class='ocrx_word' id='word_1_99' title='bbox 503 1524 729 1625; x_wconf 86' lang='lat' dir='ltr'><strong>abhorrent,</strong></span> <span class='ocrx_word' id='word_1_100' title='bbox 771 1559 814 1612; x_wconf 88' lang='lat' dir='ltr'><strong>ut</strong></span> <span class='ocrx_word' id='word_1_101' title='bbox 846 1566 896 1614; x_wconf 87' lang='lat' dir='ltr'><strong>ne</strong></span> <span class='ocrx_word' id='word_1_102' title='bbox 924 1547 1004 1640; x_wconf 85' lang='lat' dir='ltr'><strong>ipse</strong></span> <span class='ocrx_word' id='word_1_103' title='bbox 1032 1553 1114 1640; x_wconf 90' lang='lat' dir='ltr'><strong>qui·</strong></span> 
     </span>
     <span class='ocr_line' id='line_1_14' title="bbox 30 1646 1115 1749; baseline 0.005 -31"><span class='ocrx_word' id='word_1_104' title='bbox 30 1695 34 1701; x_wconf 89' lang='lat'>-</span> <span class='ocrx_word' id='word_1_105' title='bbox 70 1648 161 1719; x_wconf 88' lang='lat' dir='ltr'><strong>dem</strong></span> <span class='ocrx_word' id='word_1_106' title='bbox 202 1652 331 1717; x_wconf 81' lang='lat' dir='ltr'><strong>sensus</strong></span> <span class='ocrx_word' id='word_1_107' title='bbox 368 1646 578 1715; x_wconf 83' lang='lat' dir='ltr'><strong>communis</strong></span> <span class='ocrx_word' id='word_1_108' title='bbox 610 1668 656 1715; x_wconf 89' lang='lat' dir='ltr'><strong>ea</strong></span> <span class='ocrx_word' id='word_1_109' title='bbox 687 1667 916 1738; x_wconf 86' lang='lat' dir='ltr'><strong>quemquam</strong></span> <span class='ocrx_word' id='word_1_110' title='bbox 949 1650 1115 1749; x_wconf 81' lang='lat' dir='ltr'><strong>patiatur</strong></span> 
     </span>
     <span class='ocr_line' id='line_1_15' title="bbox 67 1744 1114 1864; baseline 0.002 -41"><span class='ocrx_word' id='word_1_111' title='bbox 67 1750 282 1825; x_wconf 80' lang='lat' dir='ltr'><strong>admittere.</strong></span> <span class='ocrx_word' id='word_1_112' title='bbox 335 1748 489 1839; x_wconf 85' lang='lat' dir='ltr'><strong>Quid&#39;</strong></span> <span class='ocrx_word' id='word_1_113' title='bbox 461 1771 517 1815; x_wconf 81' lang='grc' dir='ltr'><strong>ει</strong></span> <span class='ocrx_word' id='word_1_114' title='bbox 511 1770 626 1837; x_wconf 82' lang='lat' dir='ltr'><strong>vera,</strong></span> <span class='ocrx_word' id='word_1_115' title='bbox 664 1771 737 1837; x_wconf 91' lang='lat' dir='ltr'><strong>quo</strong></span> <span class='ocrx_word' id='word_1_116' title='bbox 764 1749 882 1864; x_wconf 82' lang='lat' dir='ltr'><strong>magis</strong></span> <span class='ocrx_word' id='word_1_117' title='bbox 909 1744 1000 1821; x_wconf 82' lang='lat' dir='ltr'><strong>tales</strong></span> <span class='ocrx_word' id='word_1_118' title='bbox 1025 1770 1114 1825; x_wconf 86' lang='lat' dir='ltr'><strong>sunt</strong></span> 
     </span>
     <span class='ocr_line' id='line_1_16' title="bbox 67 1850 1114 1945; baseline 0.003 -23"><span class='ocrx_word' id='word_1_119' title='bbox 67 1875 132 1925; x_wconf 81' lang='lat' dir='ltr'><strong>res</strong></span> <span class='ocrx_word' id='word_1_120' title='bbox 156 1851 317 1942; x_wconf 85' lang='lat' dir='ltr'><strong>aliquae,</strong></span> <span class='ocrx_word' id='word_1_121' title='bbox 343 1864 388 1919; x_wconf 86' lang='lat' dir='ltr'><strong>eo</strong></span> <span class='ocrx_word' id='word_1_122' title='bbox 411 1850 525 1919; x_wconf 91' lang='lat' dir='ltr'><strong>etiam</strong></span> <span class='ocrx_word' id='word_1_123' title='bbox 553 1851 670 1945; x_wconf 78' lang='lat' dir='ltr'><strong>magis</strong></span> <span class='ocrx_word' id='word_1_124' title='bbox 696 1851 796 1919; x_wconf 82' lang='lat' dir='ltr'><strong>inter</strong></span> <span class='ocrx_word' id='word_1_125' title='bbox 821 1853 1012 1940; x_wconf 83' lang='lat' dir='ltr'><strong>miracula,</strong></span> <span class='ocrx_word' id='word_1_126' title='bbox 1046 1857 1114 1929; x_wconf 87' lang='lat' dir='ltr'><strong>sed</strong></span> 
     </span>
     <span class='ocr_line' id='line_1_17' title="bbox 67 1948 1115 2053; baseline 0.002 -28"><span class='ocrx_word' id='word_1_127' title='bbox 67 1976 147 2027; x_wconf 89' lang='lat' dir='ltr'><strong>non</strong></span> <span class='ocrx_word' id='word_1_128' title='bbox 165 1952 287 2053; x_wconf 49' lang='lat' dir='ltr'><strong>:iuter</strong></span> <span class='ocrx_word' id='word_1_129' title='bbox 323 1948 557 2025; x_wconf 83' lang='lat' dir='ltr'><strong>incredibilia</strong></span> <span class='ocrx_word' id='word_1_130' title='bbox 592 1967 721 2021; x_wconf 86' lang='lat' dir='ltr'><strong>tamen</strong></span> <span class='ocrx_word' id='word_1_131' title='bbox 760 1953 976 2025; x_wconf 82' lang='lat' dir='ltr'><strong>referendae</strong></span> <span class='ocrx_word' id='word_1_132' title='bbox 1010 1957 1115 2033; x_wconf 73' lang='lat' dir='ltr'><strong>sint?</strong></span> 
     </span>
     <span class='ocr_line' id='line_1_18' title="bbox 62 2053 1115 2151; baseline 0.005 -28"><span class='ocrx_word' id='word_1_133' title='bbox 62 2058 166 2139; x_wconf 82' lang='lat' dir='ltr'><strong>Nam</strong></span> <span class='ocrx_word' id='word_1_134' title='bbox 203 2054 269 2124; x_wconf 76' lang='lat' dir='ltr'><strong>&#39;vel</strong></span> <span class='ocrx_word' id='word_1_135' title='bbox 304 2054 406 2124; x_wconf 90' lang='lat' dir='ltr'><strong>istud</strong></span> <span class='ocrx_word' id='word_1_136' title='bbox 448 2055 560 2144; x_wconf 88' lang='lat' dir='ltr'><strong>quale</strong></span> <span class='ocrx_word' id='word_1_137' title='bbox 598 2054 646 2151; x_wconf 83' lang='lat' dir='ltr'><strong>ait</strong></span> <span class='ocrx_word' id='word_1_138' title='bbox 665 2053 896 2133; x_wconf 60' lang='lat' dir='ltr'><strong>considera„</strong></span> <span class='ocrx_word' id='word_1_139' title='bbox 946 2058 1115 2137; x_wconf 85' lang='lat' dir='ltr'><strong>Fuerunt</strong></span> 
     </span>
     <span class='ocr_line' id='line_1_19' title="bbox 68 2156 1113 2249; baseline 0.002 -19"><span class='ocrx_word' id='word_1_140' title='bbox 68 2158 252 2231; x_wconf 86' lang='lat' dir='ltr'><strong>nonnulli</strong></span> <span class='ocrx_word' id='word_1_141' title='bbox 272 2156 397 2248; x_wconf 76' lang='lat' dir='ltr'><strong>-priacn</strong></span> <span class='ocrx_word' id='word_1_142' title='bbox 431 2157 578 2231; x_wconf 84' lang='lat' dir='ltr'><strong>saeculo</strong></span> <span class='ocrx_word' id='word_1_143' title='bbox 609 2157 797 2240; x_wconf 84' lang='lat' dir='ltr'><strong>homines,</strong></span> <span class='ocrx_word' id='word_1_144' title='bbox 837 2156 1036 2249; x_wconf 83' lang='lat' dir='ltr'><strong>qui-quod</strong></span> <span class='ocrx_word' id='word_1_145' title='bbox 1065 2164 1113 2233; x_wconf 83' lang='lat' dir='ltr'><strong>da</strong></span> 
     </span>
     <span class='ocr_line' id='line_1_20' title="bbox 70 2257 1203 2353; baseline 0.005 -24"><span class='ocrx_word' id='word_1_146' title='bbox 70 2259 234 2353; x_wconf 86' lang='lat' dir='ltr'><strong>quadam</strong></span> <span class='ocrx_word' id='word_1_147' title='bbox 257 2257 385 2335; x_wconf 83' lang='lat' dir='ltr'><strong>ln&#39;dica</strong></span> <span class='ocrx_word' id='word_1_148' title='bbox 412 2280 479 2326; x_wconf 88' lang='lat' dir='ltr'><strong>ava</strong></span> <span class='ocrx_word' id='word_1_149' title='bbox 502 2259 740 2341; x_wconf 84' lang='lat' dir='ltr'><strong>narrabatur,</strong></span> <span class='ocrx_word' id='word_1_150' title='bbox 768 2281 850 2327; x_wconf 88' lang='lat' dir='ltr'><strong>eam</strong></span> <span class='ocrx_word' id='word_1_151' title='bbox 877 2259 1048 2333; x_wconf 82' lang='lat' dir='ltr'><strong>videlieet</strong></span> <span class='ocrx_word' id='word_1_152' title='bbox 1070 2267 1113 2335; x_wconf 89' lang='lat' dir='ltr'><strong>in</strong></span> <span class='ocrx_word' id='word_1_153' title='bbox 1200 2334 1203 2339; x_wconf 82' lang='grc'><strong>,</strong></span> 
     </span>
     <span class='ocr_line' id='line_1_21' title="bbox 13 2359 1112 2455; baseline 0.004 -22"><span class='ocrx_word' id='word_1_154' title='bbox 13 2364 17 2371; x_wconf 83' lang='lat'>&#39;</span> <span class='ocrx_word' id='word_1_155' title='bbox 67 2362 197 2448; x_wconf 89' lang='lat' dir='ltr'><strong>India,</strong></span> <span class='ocrx_word' id='word_1_156' title='bbox 231 2360 425 2446; x_wconf 60' lang='lat' dir='ltr'><strong>Indicum,</strong></span> <span class='ocrx_word' id='word_1_157' title='bbox 460 2360 572 2431; x_wconf 90' lang='lat' dir='ltr'><strong>illinc</strong></span> <span class='ocrx_word' id='word_1_158' title='bbox 597 2360 637 2428; x_wconf 93' lang='lat' dir='ltr'><strong>in</strong></span> <span class='ocrx_word' id='word_1_159' title='bbox 665 2359 860 2454; x_wconf 75' lang='lat' dir='ltr'><strong>Graeciam</strong></span> <span class='ocrx_word' id='word_1_160' title='bbox 884 2376 1112 2455; x_wconf 85' lang='lat' dir='ltr'><strong>transparta-</strong></span> 
     </span>
     <span class='ocr_line' id='line_1_22' title="bbox 67 2456 1112 2549; baseline 0.004 -13"><span class='ocrx_word' id='word_1_161' title='bbox 67 2479 173 2549; x_wconf 85' lang='lat' dir='ltr'><strong>tam,</strong></span> <span class='ocrx_word' id='word_1_162' title='bbox 203 2461 397 2531; x_wconf 72' lang='lat' dir='ltr'><strong>Graecum·</strong></span> <span class='ocrx_word' id='word_1_163' title='bbox 417 2484 629 2532; x_wconf 87' lang='lat' dir='ltr'><strong>sermonem</strong></span> <span class='ocrx_word' id='word_1_164' title='bbox 657 2456 815 2546; x_wconf 77' lang='lat' dir='ltr'><strong>discere,</strong></span> <span class='ocrx_word' id='word_1_165' title='bbox 846 2476 885 2531; x_wconf 92' lang='lat' dir='ltr'><strong>et</strong></span> <span class='ocrx_word' id='word_1_166' title='bbox 911 2463 1112 2541; x_wconf 88' lang='lat' dir='ltr'><strong>hominum</strong></span> 
     </span>
     <span class='ocr_line' id='line_1_23' title="bbox 65 2564 1112 2661; baseline 0 -18"><span class='ocrx_word' id='word_1_167' title='bbox 65 2588 177 2643; x_wconf 77' lang='lat' dir='ltr'><strong>mona</strong></span> <span class='ocrx_word' id='word_1_168' title='bbox 229 2564 441 2639; x_wconf 82' lang='lat' dir='ltr'><strong>articulatas</strong></span> <span class='ocrx_word' id='word_1_169' title='bbox 492 2564 755 2661; x_wconf 82' lang='lat' dir='ltr'><strong>distinctasque</strong></span> <span class='ocrx_word' id='word_1_170' title='bbox 798 2586 903 2635; x_wconf 84' lang='lat' dir='ltr'><strong>voces</strong></span> <span class='ocrx_word' id='word_1_171' title='bbox 947 2570 1112 2647; x_wconf 81' lang='lat' dir='ltr'><strong>¹taudem</strong></span> 
     </span>
     <span class='ocr_line' id='line_1_24' title="bbox 64 2665 1112 2763; baseline 0.006 -26.011"><span class='ocrx_word' id='word_1_172' title='bbox 64 2666 286 2763; x_wconf 58' lang='lat' dir='ltr'><strong>proferres:</strong></span> <span class='ocrx_word' id='word_1_173' title='bbox 307 2666 394 2743; x_wconf 88' lang='lat' dir='ltr'><strong>hoc</strong></span> <span class='ocrx_word' id='word_1_174' title='bbox 415 2681 460 2735; x_wconf 91' lang='lat' dir='ltr'><strong>ut</strong></span> <span class='ocrx_word' id='word_1_175' title='bbox 490 2668 605 2758; x_wconf 84' lang='lat' dir='ltr'><strong>plana</strong></span> <span class='ocrx_word' id='word_1_176' title='bbox 628 2665 837 2735; x_wconf 79' lang='lat' dir='ltr'><strong>absurdum</strong></span> <span class='ocrx_word' id='word_1_177' title='bbox 873 2681 912 2737; x_wconf 91' lang='lat' dir='ltr'><strong>et</strong></span> <span class='ocrx_word' id='word_1_178' title='bbox 935 2669 1112 2763; x_wconf 88' lang='lat' dir='ltr'><strong>ineptum</strong></span> 
     </span>
     <span class='ocr_line' id='line_1_25' title="bbox 68 2767 1112 2873; baseline 0.002 -32"><span class='ocrx_word' id='word_1_179' title='bbox 68 2783 359 2855; x_wconf 89' lang='lat' dir='ltr'><strong>commentum,</strong></span> <span class='ocrx_word' id='word_1_180' title='bbox 417 2768 712 2843; x_wconf 88' lang='lat' dir='ltr'><strong>exsibilandum</strong></span> <span class='ocrx_word' id='word_1_181' title='bbox 754 2767 1112 2873; x_wconf 81' lang='lat' dir='ltr'><strong>explodendumque</strong></span> 
     </span>
     <span class='ocr_line' id='line_1_26' title="bbox 65 2870 1173 2967; baseline 0.004 -26"><span class='ocrx_word' id='word_1_182' title='bbox 65 2894 147 2943; x_wconf 85' lang='lat' dir='ltr'><strong>esse</strong></span> <span class='ocrx_word' id='word_1_183' title='bbox 177 2870 361 2941; x_wconf 84' lang='lat' dir='ltr'><strong>dixerint.</strong></span> <span class='ocrx_word' id='word_1_184' title='bbox 407 2870 606 2963; x_wconf 85' lang='lat' dir='ltr'><strong>Quinam?</strong></span> <span class='ocrx_word' id='word_1_185' title='bbox 647 2893 785 2962; x_wconf 84' lang='lat' dir='ltr'><strong>nempe</strong></span> <span class='ocrx_word' id='word_1_186' title='bbox 812 2893 887 2940; x_wconf 92' lang='lat' dir='ltr'><strong>non</strong></span> <span class='ocrx_word' id='word_1_187' title='bbox 912 2872 977 2943; x_wconf 86' lang='lat' dir='ltr'><strong>alii</strong></span> <span class='ocrx_word' id='word_1_188' title='bbox 1001 2892 1111 2967; x_wconf 87' lang='lat' dir='ltr'><strong>qnam</strong></span> <span class='ocrx_word' id='word_1_189' title='bbox 1170 2876 1173 2881; x_wconf 79' lang='grc'><strong>’</strong></span> 
     </span>
     <span class='ocr_line' id='line_1_27' title="bbox 68 2964 1111 3067; baseline 0.004 -24"><span class='ocrx_word' id='word_1_190' title='bbox 68 2964 209 3067; x_wconf 82' lang='lat' dir='ltr'><strong>quibus</strong></span> <span class='ocrx_word' id='word_1_191' title='bbox 244 2970 461 3050; x_wconf 81' lang='lat' dir='ltr'><strong>huiusmodi</strong></span> <span class='ocrx_word' id='word_1_192' title='bbox 496 2997 603 3041; x_wconf 88' lang='lat' dir='ltr'><strong>avem</strong></span> <span class='ocrx_word' id='word_1_193' title='bbox 639 2995 683 3042; x_wconf 86' lang='lat' dir='ltr'><strong>ex</strong></span> <span class='ocrx_word' id='word_1_194' title='bbox 719 2972 857 3041; x_wconf 85' lang='lat' dir='ltr'><strong>Indicis</strong></span> <span class='ocrx_word' id='word_1_195' title='bbox 892 2976 965 3043; x_wconf 87' lang='lat' dir='ltr'><strong>oris</strong></span> <span class='ocrx_word' id='word_1_196' title='bbox 999 2976 1111 3047; x_wconf 83' lang='lat' dir='ltr'><strong>adra·-</strong></span> 
     </span>
     <span class='ocr_line' id='line_1_28' title="bbox 68 3073 1111 3168; baseline 0 -21"><span class='ocrx_word' id='word_1_197' title='bbox 68 3090 171 3167; x_wconf 86' lang='lat' dir='ltr'><strong>ctam</strong></span> <span class='ocrx_word' id='word_1_198' title='bbox 211 3073 358 3147; x_wconf 86' lang='lat' dir='ltr'><strong>videre</strong></span> <span class='ocrx_word' id='word_1_199' title='bbox 376 3096 568 3165; x_wconf 88' lang='lat' dir='ltr'><strong>nunquam</strong></span> <span class='ocrx_word' id='word_1_200' title='bbox 606 3074 829 3168; x_wconf 80' lang='lat' dir='ltr'><strong>contigisset.</strong></span> <span class='ocrx_word' id='word_1_201' title='bbox 890 3077 986 3145; x_wconf 88' lang='lat' dir='ltr'><strong>Nam</strong></span> <span class='ocrx_word' id='word_1_202' title='bbox 1023 3076 1111 3147; x_wconf 89' lang='lat' dir='ltr'><strong>Ovi·</strong></span> 
     </span>
    </p>
   </div>
   <div class='ocr_carea' id='block_1_5' title="bbox 69 3176 1210 3273">
    <p class='ocr_par' dir='ltr' id='par_1_6' title="bbox 69 3176 1210 3273">
     <span class='ocr_line' id='line_1_29' title="bbox 69 3176 1210 3273; baseline 0.003 -26"><span class='ocrx_word' id='word_1_203' title='bbox 69 3178 154 3247; x_wconf 90' lang='lat' dir='ltr'><strong>dius</strong></span> <span class='ocrx_word' id='word_1_204' title='bbox 186 3186 227 3249; x_wconf 81' lang='lat' dir='ltr'><strong>et</strong></span> <span class='ocrx_word' id='word_1_205' title='bbox 254 3176 416 3260; x_wconf 84' lang='lat' dir='ltr'><strong>Statius,</strong></span> <span class='ocrx_word' id='word_1_206' title='bbox 456 3176 679 3247; x_wconf 84' lang='lat' dir='ltr'><strong>fortassaet</strong></span> <span class='ocrx_word' id='word_1_207' title='bbox 666 3177 819 3269; x_wconf 75' lang='lat' dir='ltr'><strong>tipsi,</strong></span> <span class='ocrx_word' id='word_1_208' title='bbox 843 3177 1042 3273; x_wconf 84' lang='lat' dir='ltr'><strong>bominem</strong></span> <span class='ocrx_word' id='word_1_209' title='bbox 1069 3180 1112 3250; x_wconf 89' lang='lat' dir='ltr'><strong>id</strong></span> <span class='ocrx_word' id='word_1_210' title='bbox 1208 3255 1210 3259; x_wconf 67' lang='grc'>,</span> 
     </span>
    </p>
   </div>
   <div class='ocr_carea' id='block_1_6' title="bbox 64 3277 1111 3778">
    <p class='ocr_par' dir='ltr' id='par_1_7' title="bbox 66 3277 1111 3778">
     <span class='ocr_line' id='line_1_30' title="bbox 67 3277 1111 3394; baseline 0 -43"><span class='ocrx_word' id='word_1_211' title='bbox 67 3294 450 3393; x_wconf 80' lang='lat' dir='ltr'><strong>commemorantem,</strong></span> <span class='ocrx_word' id='word_1_212' title='bbox 494 3294 537 3347; x_wconf 87' lang='lat' dir='ltr'><strong>ut</strong></span> <span class='ocrx_word' id='word_1_213' title='bbox 579 3294 709 3373; x_wconf 87' lang='lat' dir='ltr'><strong>aperte</strong></span> <span class='ocrx_word' id='word_1_214' title='bbox 752 3277 994 3394; x_wconf 78' lang='lat' dir='ltr'><strong>mendacem,</strong></span> <span class='ocrx_word' id='word_1_215' title='bbox 1042 3282 1111 3351; x_wconf 89' lang='lat' dir='ltr'><strong>ali·</strong></span> 
     </span>
     <span class='ocr_line' id='line_1_31' title="bbox 64 3375 1111 3474; baseline 0.005 -26.02"><span class='ocrx_word' id='word_1_216' title='bbox 64 3378 224 3473; x_wconf 90' lang='lat' dir='ltr'><strong>quando</strong></span> <span class='ocrx_word' id='word_1_217' title='bbox 250 3380 329 3453; x_wconf 80' lang='lat' dir='ltr'><strong>risu</strong></span> <span class='ocrx_word' id='word_1_218' title='bbox 353 3386 598 3474; x_wconf 72' lang='lat' dir='ltr'><strong>exceperant:</strong></span> <span class='ocrx_word' id='word_1_219' title='bbox 633 3375 671 3449; x_wconf 80' lang='lat' dir='ltr'><strong>at</strong></span> <span class='ocrx_word' id='word_1_220' title='bbox 685 3397 895 3473; x_wconf 82' lang='lat' dir='ltr'><strong>postquam</strong></span> <span class='ocrx_word' id='word_1_221' title='bbox 916 3382 1036 3473; x_wconf 77' lang='lat' dir='ltr'><strong>ipsam</strong></span> <span class='ocrx_word' id='word_1_222' title='bbox 1062 3385 1111 3453; x_wconf 92' lang='lat' dir='ltr'><strong>il</strong></span> 
     </span>
     <span class='ocr_line' id='line_1_32' title="bbox 66 3482 1111 3575; baseline 0.006 -24"><span class='ocrx_word' id='word_1_223' title='bbox 66 3484 116 3551; x_wconf 87' lang='lat' dir='ltr'><strong>lis</strong></span> <span class='ocrx_word' id='word_1_224' title='bbox 140 3482 374 3553; x_wconf 81' lang='lat' dir='ltr'><strong>datumfuit</strong></span> <span class='ocrx_word' id='word_1_225' title='bbox 398 3504 502 3552; x_wconf 87' lang='lat' dir='ltr'><strong>avem</strong></span> <span class='ocrx_word' id='word_1_226' title='bbox 532 3505 703 3552; x_wconf 75' lang='lat' dir='ltr'><strong>cernere·</strong></span> <span class='ocrx_word' id='word_1_227' title='bbox 718 3496 757 3550; x_wconf 89' lang='lat' dir='ltr'><strong>et</strong></span> <span class='ocrx_word' id='word_1_228' title='bbox 789 3482 948 3570; x_wconf 86' lang='lat' dir='ltr'><strong>audire,</strong></span> <span class='ocrx_word' id='word_1_229' title='bbox 995 3509 1111 3575; x_wconf 89' lang='lat' dir='ltr'><strong>quam</strong></span> 
     </span>
     <span class='ocr_line' id='line_1_33' title="bbox 71 3584 1110 3673; baseline 0.002 -20"><span class='ocrx_word' id='word_1_230' title='bbox 71 3608 114 3653; x_wconf 88' lang='lat' dir='ltr'><strong>ea</strong></span> <span class='ocrx_word' id='word_1_231' title='bbox 156 3584 203 3653; x_wconf 88' lang='lat' dir='ltr'><strong>de</strong></span> <span class='ocrx_word' id='word_1_232' title='bbox 238 3607 279 3653; x_wconf 85' lang='lat' dir='ltr'><strong>re</strong></span> <span class='ocrx_word' id='word_1_233' title='bbox 311 3584 431 3673; x_wconf 77' lang='lat' dir='ltr'><strong>lamae</strong></span> <span class='ocrx_word' id='word_1_234' title='bbox 463 3598 502 3651; x_wconf 90' lang='lat' dir='ltr'><strong>et</strong></span> <span class='ocrx_word' id='word_1_235' title='bbox 533 3584 694 3655; x_wconf 84' lang='lat' dir='ltr'><strong>aliorum</strong></span> <span class='ocrx_word' id='word_1_236' title='bbox 729 3585 893 3654; x_wconf 85' lang='lat' dir='ltr'><strong>sermoni</strong></span> <span class='ocrx_word' id='word_1_237' title='bbox 928 3587 1110 3657; x_wconf 85' lang='lat' dir='ltr'><strong>adhibere</strong></span> 
     </span>
     <span class='ocr_line' id='line_1_34' title="bbox 66 3686 1110 3778; baseline -0.006 -21"><span class='ocrx_word' id='word_1_238' title='bbox 66 3686 430 3773; x_wconf 79' lang='lat' dir='ltr'><strong>fidemnalueraut,</strong></span> <span class='ocrx_word' id='word_1_239' title='bbox 457 3709 542 3763; x_wconf 87' lang='lat' dir='ltr'><strong>earn</strong></span> <span class='ocrx_word' id='word_1_240' title='bbox 567 3688 641 3756; x_wconf 83' lang='lat' dir='ltr'><strong>suis</strong></span> <span class='ocrx_word' id='word_1_241' title='bbox 667 3688 835 3778; x_wconf 88' lang='lat' dir='ltr'><strong>ipsorum</strong></span> <span class='ocrx_word' id='word_1_242' title='bbox 860 3689 976 3759; x_wconf 89' lang='lat' dir='ltr'><strong>oculis</strong></span> <span class='ocrx_word' id='word_1_243' title='bbox 1002 3689 1110 3758; x_wconf 84' lang='lat' dir='ltr'><strong>adiri.-</strong></span> 
     </span>
    </p>
   </div>
   <div class='ocr_carea' id='block_1_7' title="bbox 18 3778 1216 3876">
    <p class='ocr_par' dir='ltr' id='par_1_8' title="bbox 18 3778 1216 3876">
     <span class='ocr_line' id='line_1_35' title="bbox 18 3778 1216 3876; baseline 0.003 -15"><span class='ocrx_word' id='word_1_244' title='bbox 18 3840 21 3847; x_wconf 85' lang='lat'>·</span> <span class='ocrx_word' id='word_1_245' title='bbox 66 3789 159 3863; x_wconf 83' lang='lat' dir='ltr'><strong>bere</strong></span> <span class='ocrx_word' id='word_1_246' title='bbox 190 3790 309 3859; x_wconf 88' lang='lat' dir='ltr'><strong>caacti</strong></span> <span class='ocrx_word' id='word_1_247' title='bbox 335 3790 503 3858; x_wconf 76' lang='lat' dir='ltr'><strong>luerunt.</strong></span> <span class='ocrx_word' id='word_1_248' title='bbox 555 3791 612 3873; x_wconf 85' lang='lat' dir='ltr'><strong>Et,</strong></span> <span class='ocrx_word' id='word_1_249' title='bbox 638 3805 681 3857; x_wconf 87' lang='lat' dir='ltr'><strong>ut</strong></span> <span class='ocrx_word' id='word_1_250' title='bbox 706 3789 789 3857; x_wconf 86' lang='lat' dir='ltr'><strong>illos</strong></span> <span class='ocrx_word' id='word_1_251' title='bbox 815 3803 1013 3876; x_wconf 82' lang='lat' dir='ltr'><strong>taceamus,</strong></span> <span class='ocrx_word' id='word_1_252' title='bbox 1034 3778 1110 3863; x_wconf 78' lang='lat' dir='ltr'><strong>bo.-</strong></span> <span class='ocrx_word' id='word_1_253' title='bbox 1214 3786 1216 3792; x_wconf 61' lang='grc'>’</span> 
     </span>
    </p>
   </div>
   <div class='ocr_carea' id='block_1_8' title="bbox 44 3890 1110 4121">
    <p class='ocr_par' dir='ltr' id='par_1_9' title="bbox 44 3890 1110 4121">
     <span class='ocr_line' id='line_1_36' title="bbox 44 3890 1109 3985; baseline 0.002 -26"><span class='ocrx_word' id='word_1_254' title='bbox 44 3890 209 3982; x_wconf 58' lang='lat' dir='ltr'><strong>„dieque</strong></span> <span class='ocrx_word' id='word_1_255' title='bbox 230 3892 404 3985; x_wconf 81' lang='lat' dir='ltr'><strong>&#39;vulgaris</strong></span> <span class='ocrx_word' id='word_1_256' title='bbox 436 3906 491 3960; x_wconf 86' lang='lat' dir='ltr'><strong>est</strong></span> <span class='ocrx_word' id='word_1_257' title='bbox 525 3892 616 3961; x_wconf 87' lang='lat' dir='ltr'><strong>adeo</strong></span> <span class='ocrx_word' id='word_1_258' title='bbox 648 3890 714 3961; x_wconf 84' lang='lat' dir='ltr'><strong>illa</strong></span> <span class='ocrx_word' id='word_1_259' title='bbox 746 3890 847 3977; x_wconf 90' lang='lat' dir='ltr'><strong>avis,</strong></span> <span class='ocrx_word' id='word_1_260' title='bbox 897 3906 941 3961; x_wconf 89' lang='lat' dir='ltr'><strong>ut</strong></span> <span class='ocrx_word' id='word_1_261' title='bbox 967 3907 1109 3969; x_wconf 64' lang='lat' dir='ltr'><strong>exstare</strong></span> 
     </span>
     <span class='ocr_line' id='line_1_37' title="bbox 64 3991 1110 4121; baseline 0.01 -60"><span class='ocrx_word' id='word_1_262' title='bbox 64 3992 459 4086; x_wconf 62' lang='lat' dir='ltr'><strong>aliquemsquidicat</strong></span> <span class='ocrx_word' id='word_1_263' title='bbox 491 3993 711 4064; x_wconf 88' lang='lat' dir='ltr'><strong>incredibile</strong></span> <span class='ocrx_word' id='word_1_264' title='bbox 734 4008 820 4121; x_wconf 51' lang='lat' dir='ltr'><strong>*ease</strong></span> <span class='ocrx_word' id='word_1_265' title='bbox 846 3991 1110 4087; x_wconf 60' lang='lat' dir='ltr'><strong>quartantur</strong></span> 
     </span>
    </p>
   </div>
   <div class='ocr_carea' id='block_1_9' title="bbox 0 0 1264 4394">
    <p class='ocr_par' dir='ltr' id='par_1_10' title="bbox 0 0 1264 4394">
     <span class='ocr_line' id='line_1_38' title="bbox 0 0 1264 4394; baseline 0 2"><span class='ocrx_word' id='word_1_266' title='bbox 0 0 1264 4394; x_wconf 95' lang='lat' dir='ltr'><strong> </strong></span> 
     </span>
    </p>
   </div>
  </div>
 </body>
</html>
