2520 4394
457 221 845 301 ananam&
1128 228 1184 295 lX

146 402 268 487 clara,
307 413 404 494 quae
434 422 504 495 per
536 398 698 485 Ninum,
741 398 1030 471 Semiramidem
1061 416 1101 475 et
1129 400 1188 475 ric.

144 530 258 601 pqrro
294 502 439 575 reddita
474 516 582 573 sunt:
633 500 681 571 de
714 502 773 571 lris
798 503 840 578 ,si
876 507 1183 577 commemoravit

145 608 282 678 auditu
305 622 344 677 et
369 607 470 675 lectu
496 618 646 697 accepta
672 602 870 691 Ctesias,
908 628 987 675 non
1009 622 1090 678 erat
1116 630 1188 681 cur-

143 709 285 780 iraudis
316 710 434 786 iactae
469 708 551 799 ipse
586 720 827 780 accusaretur.
878 708 1040 779 Potuere
1072 710 1184 783 iniis

144 818 233 882 esse'
265 811 379 881 multi
415 810 630 881 multorum
662 812 890 903 populorum
927 812 1042 881 etiarn
1071 810 1184 885 Indoss

144 921 233 985 rum
272 912 397 1004 mythi
433 912 476 982 in
512 934 633 981 unum
670 912 856 1005 populum
888 914 1086 983 cumulati.
1144 915 1191 987 si.

146 1014 249 1086 baud
272 1036 409 1109 pauca·
423 1036 470 1085 ex
497 1036 543 1086 eo
573 1013 727 1106 quidem
750 1015 912 1087 aliorum
938 1039 1050 1109 opera
1074 1038 1190 1113 repe-2

144 1120 236 1203 tito,
276 1117 389 1208 (nam
415 1117 448 1186 si
470 1116 552 1211 ipse
580 1116 965 1209 Ctesiasqsuperstes
991 1119 1105 1207 toret,
1137 1120 1194 1197 dez
1245 1150 1249 1163 ·

143 1219 282 1291 multis
307 1218 515 1314 expeditius
539 1218 720 1289 iudicium
743 1218 860 1310 foret)
884 1242 961 1291 non
986 1222 1071 1292 satis
1095 1244 1189 1299 con·.
1224 1292 1227 1303 ,

142 1321 305 1393 veniunt
330 1346 418 1398 c-um
443 1321 634 1391 Herodoto
664 1333 703 1389 et
728 1320 825 1391 aliis:
866 1322 1032 1417 primum
1055 1325 1098 1393 in
1124 1349 1187 1395 re·

99 1422 110 1452 ”·
143 1424 217 1495 bus
250 1447 297 1495 ex
328 1438 406 1495 tam
439 1436 584 1494 remota
615 1424 837 1515 antiquitate
872 1426 1041 1519 repetitis
1066 1444 1104 1497 et
1129 1428 1185 1499 fa·

144 1527 433 1616 nra-bominum
459 1550 527 1618 per
553 1526 679 1621 plures
704 1526 864 1620 populos
892 1525 1101 1599 et.aetates
1125 1554 1185 1601 ac-

146 1630 534 1723 ceptismirationem
563 1622 605 1698 id
631 1647 710 1699 non
735 1629 871 1716 habet3
917 1642 1002 1699 turn
1032 1634 1187 1705 nomina

146 1731 445 1827 provinciarum,
470 1753 616 1825 regum,
640 1746 875 1823 satraparum
901 1748 1112 1824 permutata
1142 1737 1186 1805 in

146 1832 280 1904 multis
304 1834 432 1903 turbas
458 1833 627 1903 intulisse
651 1834 844 1925 videntur:
873 1847 912 1901 at
936 1835 1104 1907 Diodoro
1130 1839 1187 1909 ‘vi-

146 1935 204 2007 rio
230 1932 318 2004 dare
340 1935 428 2005 licet
452 1936 542 2021 hoc,
573 1935 673 2028 quod
696 1936 737 2005 in
763 1935 1003 2009 exscribendo
1034 1938 1187 2011 Ctesia

93 2106 98 2115 ,
145 2042 287 2135 parum
310 2036 510 2133 diligenter
535 2061 578 2109 ac
601 2039 789 2108 subtiliter
813 2054 997 2125 versatur,
1022 2041 1063 2109 in
1089 2056 1201 2111 tem-.

147 2140 305 2237 poribus
355 2138 540 2223 'notandis
594 2141 768 2233 inprimis
821 2141 1190 2237 negligentissimum

149 2242 328 2335 quodque
362 2242 467 2311 idem
499 2242 732 2311 narrationes
767 2242 996 2317 diversorum
1031 2247 1186 2338 scripto·
1241 2264 1244 2287 ³

98 2373 103 2388 ·
147 2368 238 2415 rum
267 2344 460 2414 interdum
488 2343 678 2429 adiunxit,
712 2366 783 2413 nec
812 2357 940 2413 tamen
975 2346 1187 2425 incaussas

148 2442 333 2517 dissensus
366 2448 445 2516 ulla
476 2470 565 2518 cura
601 2445 767 2516 adhibita
802 2447 994 2537 inquirere
1018 2450 1196 2520 maluit.“.

148 2549 324 2620 Aliorum
358 2549 497 2619 iudicia
530 2550 576 2619 de
602 2549 758 2620 Ctesia
788 2550 942 2641 eiusque
970 2550 1046 2621 tide
1077 2574 1185 2645 repe-

149 2654 224 2723 ries
262 2650 303 2718 in
345 2650 503 2721 Fabricii
538 2651 682 2721 notitia.
749 2655 931 2731 Accurate¹
967 2650 1066 2724 hanc
1104 2677 1197 2725 rem

100 2818 124 2839 ..
148 2766 362 2825 tractarunt
385 2754 561 2846 inprimis
578 2752 812 2823 Veltheim
838 2755 896 2823 in:
927 2756 1187 2827 Vermisch·

147 2871 196 2926 te
225 2852 443 2926 Aufsttze
469 2858 511 2927 V.
534 2867 570 2936 2.
597 2880 633 2947 p.
654 2869 738 2938 151.
765 2866 966 2939 257-271.
991 2873 1030 2927 et
1054 2858 1188 2952 Wey-

87 3040 91 3051 ,
147 2957 297 3029 rauch
322 2958 389 3026 in:
423 2958 749 3053 Morgenstern
781 2960 1187 3053 DdrptischoBei-

148 3065 285 3156 triigei
322 3061 364 3129 V.
390 3069 426 3140 2.
460 3085 496 3153 p.
522 3070 598 3143 367
623 3084 701 3153 sqq.
737 3067 815 3143 384
837 3085 889 3152 sq.
926 3072 1013 3145 393.
1052 3063 1190 3154 quibus

148 3161 249 3231 adde
279 3160 384 3230 Ste·
402 3161 537 3233 Croix
563 3164 589 3234 l.
612 3156 637 3233 i.
661 3189 699 3258 p.
720 3170 864 3247 8.-424
888 3186 941 3255 sq.
997 3166 1190 3250 He‘ereu,

150 3264 200 3335 de
217 3263 396 3334 Fontibus
421 3279 461 3334 et
483 3264 706 3337 auctoritate
729 3265 893 3335 vitarum
911 3266 1081 3337 Parallel.
1101 3266 1189 3336 Plu·

149 3366 336 3437 turchil.
363 3388 473 3459 supra
498 3368 523 3437 l.

253 3470 315 3538 De
351 3468 657 3541 annotationibus
689 3483 728 3541 et
757 3469 1070 3563 interpretatione
1106 3494 1192 3540 mea

150 3570 225 3642 boc
250 3569 355 3641 addo
406 3571 445 3640 Si
479 3574 544 3666 qui
572 3574 669 3642 forte
693 3573 853 3659 fuerint,
887 3572 952 3664 qui
981 3590 1192 3667 propterea,

153 3672 256 3766 quod
280 3671 461 3765 ampliori
482 3696 603 3768 'quern
630 3673 762 3745 dicunt
787 3677 1059 3744 commentario
1086 3677 1191 3745 Cte-

152 3777 269 3845 siam
301 3796 378 3845 non
409 3776 693 3864 illustraverim,
729 3777 941 3869 vituperare
968 3802 1030 3847 me
1061 3778 1191 3848 voiue-

153 3879 252 3967 rint,
284 3872 404 3947 hoca
431 3880 585 3950 consilio
613 3904 699 3950 meo
737 3880 907 3950 alienum
932 3879 1044 3949 fuisse
1078 3904 1193 3971 repu-

154 3995 251 4051 tent.
311 3980 393 4051 Hoc
418 3983 616 4077 praecipue
644 3981 743 4053 mihi
768 3982 949 4053 meritum
975 4006 1053 4052 esse
1077 3982 1193 4069 volui,
