2520 4394
26 320 29 327 ¹
77 269 82 283 ,
141 208 228 303 hir
477 206 845 351 epn'nrarto.
902 184 907 195 ’

144 416 208 477 eos'
241 386 692 501 plerumqueindicare,
732 382 798 496 qni
831 398 973 477 sedulo·
993 402 1185 505 basrege-
1233 410 1236 415 ’

144 522 270 604 nint,¹
293 509 380 579 satis
405 507 533 577 habui.
584 506 709 577 Nolui
726 509 828 577 enir'n
848 508 997 601 ¹ubique
1019 510 1100 603 ipse
1124 512 1184 581 in-

23 607 26 613 ’
146 612 377 708 quirerein·
394 611 515 703 ipsam
540 609 736 679 historiam
769 625 807 681 et
833 612 960 680 omnia
984 611 1184 710 investiga-

63 800 73 807 ..
141 726 222 803 rer
251 713 353 804 quod
378 713 538 809 longum
562 726 652 783 erat.
721 748 725 753 ·

156 842 159 847 ·
246 814 441 910 Superest,
483 829 528 884 ut
554 813 601 883 de
623 814 881 909 Cresia-ipso
908 814 1089 907 quaedam
1116 815 1183 887 orl-

143 918 312 1013 iirngam.
364 918 486 1009 Quam
512 916 633 1012 gravis
651 917 847 1008 ⁷utilisque
871 918 919 987 sit
951 919 1109 1013 scriptor
1134 920 1183 990 ad

34 1022 38 1041 ²
144 1020 352 1109 historiam,
374 1019 575 1105 Persarum
600 1020 775 1106 maxime,
799 1022 1113 1117 cognoscendam,
1135 1022 1203 1103 ab,

144 1123 333 1209 omnibns,
360 1122 426 1215 qui
450 1136 534 1191 eam
556 1123 775 1217 attigerunt,
802 1124 918 1217 probe
946 1137 1001 1193 est
1028 1124 1204 1195 intelle·¹

145 1238 250 1318 ptum
275 1222 369 1321 *).·'
394 1223 639 1294 Gravissimus
670 1224 841 1295 omniurn
872 1225 951 1293 fere
975 1239 1093 1315 esset,
1128 1240 1186 1297 at-

25 1332 31 1346 '
145 1322 221 1426 ᾇιιό
247 1324 559 1420 locupletissimus
582 1327 757 1419 scriptor,
789 1328 820 1397 si
845 1340 967 1397 totum
991 1330 1074 1399 eius·
1092 1342 1193 1422 opus

146 1444 362 1523 superesset.
414 1431 495 1498 Iam
521 1451 621 1513 vero,
645 1431 675 1500 si
688 1431 893 1523 Excerptis
919 1431 997 1499 istis
1022 1444 1061 1500 et
1086 1433 1187 1529 frag-

146 1533 284 1603 mentis
315 1532 428 1601 etiarn
463 1538 688 1616 careremus,
740 1531 865 1601 multa
889 1532 997 1602 nobis
1030 1532 1092 1603 vel
1119 1534 1185 1603 ob·

146 1644 252 1703 scura
282 1646 409 1703 essent
441 1633 503 1703 vel
533 1656 699 1727 prorsus·
705 1633 857 1733 ignota.
923 1637 968 1705 ln
1001 1624 1191 1706 Ctesias

139 1755 264 1860 :quarn
300 1735 453 1806 dicunt·
463 1734 605 1807 fidem
631 1736 906 1807 historicam
939 1736 1136 1807 ulterius'
1125 1760 1188 1807 rn··

74 1919 81 1940 ἲ
139 1822 340 1931 quirere‘
335 1838 382 1907 si
397 1837 556 1924 vellem,
602 1853 702 1931 post
718 1852 776 1907 tot
813 1838 976 1908 aliorum
1002 1841 1076 1909 VV.
1103 1840 1190 1910 DD.¹

64 1930 76 1948 '‘
149 1956 310 2011 conatus
328 1954 456 2009 actum
482 1954 658 2032 agerem.¹
696 1942 778 2011 Hoc
806 1932 927 2036 igitur
949 1940 1042 2011 loco
1068 1942 1116 2011 ad
1142 1963 1188 2013 ea
1244 1954 1250 1972 '

146 2042 215 2112 Te
222 2044 404 2139 ahlegare
418 2044 602 2128 sufficiat,
626 2040 723 2135 qhae
749 2045 855 2113 mlta
877 2066 897 2113 a
926 2042 1157 2137 Stephano
1145 2067 1190 2115 ιιι

148 2142 432 2237 disquisitione*
444 2142 653 2245 disputata
669 2158 768 2217 sunt.
833 2146 1027 2245 Praeterea
1064 2168 1191 2218 unum

145 2248 320 2317 omniurn
351 2246 469 2317 instar
504 2246 601 2318 addo
635 2247 764 2317 locum
798 2242 994 2340 Heynii'
1004 2254 1069 2319 ιιι
1087 2268 1190 2319 ιοιιι·Ι

145 2350 382 2420 mentatione
407 2348 457 2419 d'e
481 2350 614 2420 lontib
629 2364 682 2419 ct·
694 2351 869 2421 auctorit
888 2350 1079 2422 Historiar.
1097 2350 1191 2421 Dio·

97 2478 104 2490 *
147 2450 230 2524 (lori
275 2452 343 2539 (in
366 2460 631 2523 commentatt.
656 2451 788 2521 Societ.
814 2438 1005 2548 Gotting.
1015 2455 1056 2522 V.
1082 2466 1119 2536 7.
1151 2476 1190 2553 p.
1219 2481 1223 2489 ·

108 2627 114 2643 ,
143 2564 200 2639 77
213 2552 322 2647 sqq.).
371 2554 494 2623 Verba
518 2554 612 2623 haec
635 2550 742 2622 sunt:
769 2552 995 2641 „subtiliore
1019 2555 1193 2625 virorum

146 2652 345 2757 doctorum
370 2654 508 2727 iudicio
533 2656 620 2727 satis
647 2656 854 2753 diligenter
888 2656 980 2727 fides
1006 2656 1191 2727 Ctesias

147 2764 249 2835 esini
266 2759 313 2827 in
331 2757 493 2829 modurn
518 2759 720 2829 constituta
746 2774 814 2851 est,
841 2774 901 2844 ut,
924 2759 995 2829 etsi
1019 2758 1192 2829 fabulose
1239 2814 1243 2823 .

85 2876 89 2885 ·
147 2861 290 2949 multa,
324 2861 511 2931 nonnulla
541 2861 684 2933 lorte(
672 2882 714 2931 ιιι
749 2861 870 2930 maius
888 2875 1034 2979 Uaucta,
1076 2884 1192 2953 quam

112 3006 118 3049 :
146 2960 228 3053 ipse
254 2976 467 3056 acceperat,
492 2962 534 3032 in
560 2962 753 3081 physicis
741 2964 935 3057 1nprimis,
964 2976 1002 3031 et'
1022 2964 1064 3033 in
1088 2961 1193 3032 Indi·

148 3065 218 3151 cls,
253 3065 403 3136 tradere
430 3066 615 3159 potuerit,
656 3086 732 3136 non
762 3080 897 3137 tamen
933 3065 1193 3145 commentitia

146 3187 298 3261 prorsus
326 3168 673 3238 commemoravisse
698 3168 817 3239 videri
849 3168 992 3241 debeat.
1044 3158 1195 3239 Scilicet
1220 3166 1254 3193 ‘¹

146 3270 378 3355 ferebantur,
406 3284 449 3339 ut
473 3270 576 3363 apud
600 3284 738 3341 ceteras
762 3283 905 3368 gentes,
930 3270 982 3341 sic
1001 3270 1103 3341 inter
1122 3288 1192 3363 po*

149 3372 259 3465 pulos
284 3371 437 3444 orientis
462 3372 693 3444 narrationes
718 3373 879 3444 heroum
905 3386 1078 3443 veterum
1102 3394 1195 3465 my-

148 3473 276 3545 thiras
298 3474 410 3553 variis
441 3468 565 3546 rrrodis
589 3491 813 3548 exornatae:
863 3476 905 3546 in
937 3475 997 3545 his
1037 3474 1196 3547 nomina

192 3726 291 3810 ’ΜΠ
311 3726 455 3794 Hersen.
475 3728 499 3791 l.
520 3729 563 3805 l.,
583 3728 632 3793 iia
653 3729 747 3795 ideis
774 3686 884 3813 (cuias
911 3732 1007 3806 libri,
1038 3750 1120 3814 quae
1139 3740 1194 3815 pa'-

148 3825 280 3886 ratur,
287 3834 369 3875 nova
397 3814 543 3877 editione
564 3819 616 3880 uti
643 3818 730 3881 mihi
759 3836 827 3879 non
858 3820 972 3882 licuit·
964 3816 996 3895 ,)
1026 3820 1084 3901 pil.
1105 3818 1140 3879 ll.
1162 3831 1197 3881 ot

148 3897 188 3959 iri
204 3898 443 3963 commentatt
462 3900 504 3962 sle
525 3901 656 3965 Fontib.
679 3916 714 3965 et
739 3904 940 3967 Auctoritate
962 3905 1113 3979 Vitamm
1132 3906 1195 3969 Pa·

107 4062 111 4073 ¹
150 3982 254 4049 rallal.
275 3984 501 4069 Plutarchip.
521 3992 566 4057 94
586 4008 641 4071 aq..
672 3988 755 4057 Ste-
764 3978 912 4055 Croixl.
934 3991 1011 4073 hp
1028 3996 1103 4062 731·
1208 4012 1211 4017 '
