2512 4388
208 140 265 210 Χ-
554 137 905 209 PRAEFATIO.

208 332 252 387 ut
286 316 334 389 a'd
365 316 568 390 bominum
599 342 687 390 usus
721 318 980 417 divulgaretur
1009 316 1168 412 scriptor
1199 319 1249 389 de

209 444 284 513 quo
323 446 443 491 sermo
479 438 545 490 est.
596 424 676 491 Hoc
706 424 809 492 enim
843 422 999 491 nornine
1027 424 1107 492 solo
1141 422 1247 491 haud

207 523 447 594 mediocriter
485 524 532 591 de
573 526 679 594 bonis
711 526 828 594 literis
863 540 1050 607 meretur,
1102 524 1169 615 qui
1206 524 1246 593 id

206 648 328 695 unum
360 628 455 721 agit,
492 639 536 693 ut
561 643 731 695 veterum
758 625 874 695 libros
898 627 960 694 rel
983 627 1092 693 nulla
1118 624 1248 694 addita

207 728 272 796 rel
305 728 544 799 translatione
579 730 639 798 rel
672 729 983 821 interpretatione
1016 726 1249 821 recudendos

206 846 320 898 curat
373 830 567 897 Praeterea
599 831 630 899 si
665 831 787 901 multa
821 830 866 897 ad
899 830 1105 899 Ctesiam
1137 829 1246 898 illus-

205 932 384 1001 trandum
414 932 589 1027 colligere
621 935 814 1003 inanimo
845 931 991 1015 fuisset,
1031 932 1129 1001 iusto
1160 931 1246 1000 diu-

205 1035 281 1104 tius
306 1036 347 1103 in
374 1034 517 1103 scriniis
545 1034 737 1120 latuisset,
774 1032 879 1125 'quod
902 1033 1023 1103 nolui.
1073 1033 1141 1101 His
1169 1033 1245 1128 igi·

205 1150 280 1217 tur,
304 1156 400 1227 quae
425 1135 514 1205 Tibi
538 1136 616 1205 iarn
639 1137 812 1229 praebeo,
844 1150 1062 1204 contentum
1085 1137 1142 1203 Te
1165 1156 1246 1203 esse

205 1236 387 1306 velim·L.
410 1236 473 1321 B.,
513 1254 653 1323 cetera,
684 1260 784 1329 quae
808 1237 961 1321 desunt,
998 1238 1080 1305 noli
1101 1260 1247 1308 curare.-

203 1339 346 1409 Indices
385 1339 512 1407 adhuc
548 1362 625 1409 non
663 1339 880 1423 exstabant,
922 1362 1059 1428 eosque
1093 1340 1249 1409 summo*

203 1441 327 1511 studio
359 1441 520 1525 conieci,
555 1456 669 1533 atque
698 1442 835 1534 passim
861 1440 1047 1511 nonnulla
1070 1462 1167 1531 quae
1193 1439 1246 1511 ad

204 1543 403 1616 Ctesiarn
437 1543 703 1613 illustrandum
737 1545 858 1612 facere
891 1544 987 1611 mihi
1019 1543 1249 1611 videbantur

203 1645 359 1714 intexui.
430 1646 607 1715 Tertium
648 1646 815 1715 indicem
862 1643 1086 1739 benignitati
1129 1643 1248 1714 amici

204 1746 396 1817 cuiusdam
423 1762 621 1841 acceptum
643 1770 708 1817 me
736 1748 897 1834 relerre,
930 1761 1089 1816 nonest
1116 1760 1244 1817 tacen-

203 1848 305 1919 dum.
1238 1866 1246 1909 ἲ

302 1948 375 2017 Sed
407 1964 610 2041 antequam
643 1949 734 2018 huic
769 1950 1087 2042 praefatiunculae
1124 1951 1243 2021 finem

202 2053 415 2144 imponam,
439 2054 536 2121 iusta
562 2051 673 2121 laude
699 2051 944 2144 praedicanda
972 2052 1067 2120 mibi
1093 2068 1151 2120 est
1175 2054 1242 2121 be·

202 2157 365 2251 dignitas
405 2170 520 2246 atque
550 2154 764 2225 humanitas
798 2155 933 2222 eximia
965 2154 1110 2244 Equitis
1139 2154 1241 2223 ordi-

202 2260 260 2326 nis
286 2257 446 2325 Danebr.
472 2257 728 2347 Tychsenii
753 2254 795 2321 V.
816 2256 1003 2324 Celeberr.
1024 2256 1241 2325 Professoris

200 2362 242 2429 in
270 2359 468 2428 Academia
495 2373 619 2445 nostra
648 2358 902 2426 Orientalium
928 2357 1148 2451 linguarum
1174 2382 1241 2449 pe-

201 2461 389 2545 ritissimi,
430 2461 512 2550 qui,
550 2472 594 2527 ut
627 2460 739 2527 huius
772 2458 945 2526 editionis
973 2476 1239 2531 ornamentum

201 2577 314 2645 esset,
352 2584 395 2629 ea
425 2584 521 2652 quae
546 2561 636 2629 olim
672 2560 865 2655 de'verbis
896 2560 1031 2629 Indicis
1055 2564 1096 2630 in
1120 2562 1240 2631 Hee-·

110 2692 115 2703 ·
201 2665 325 2734 renii
350 2666 392 2731 V.
418 2664 588 2731 Celeber.
624 2662 722 2731 Ideis
758 2665 948 2752 praeclare
979 2664 1240 2755 disputaverat,

201 2768 324 2835 denuo
351 2766 537 2856 percurrit
563 2781 601 2833 et
627 2766 696 2833 alia
722 2763 770 2830 ad
796 2786 852 2833 vr.
879 2766 1064 2853 quaedam
1086 2766 1128 2832 in
1149 2764 1240 2835 Per·

200 2868 280 2938 sicis
304 2868 410 2938 obvia
437 2867 653 2959 explicanda
682 2864 843 2950 addidit,
886 2890 981 2956 quae
1005 2868 1046 2934 in
1072 2868 1240 2937 Excursu

200 2969 288 3039 Tibi
319 2970 360 3039 in
387 2971 549 3038 latinum
573 2991 784 3038 sermonem
810 2992 832 3035 a
858 2992 919 3037 me
954 2990 1129 3039 conversa
1162 2971 1241 3039 iam

198 3070 318 3143 trado.
332 3106 385 3125 —-
409 3072 498 3140 Vale
523 3069 564 3142 L.
580 3070 619 3139 B.
643 3084 756 3161 atque
776 3070 936 3165 inceptis
962 3072 1056 3140 meis
1082 3071 1240 3140 fave.-

251 3273 395 3343 Dabam
414 3273 634 3373 Gottingae,
660 3272 815 3344 Calend.
838 3271 910 3342 Iul.
932 3270 1238 3345 MDCCCXXIII.

540 3542 907 3569 w·-
