2512 4388
148 224 240 329 n„
413 176 844 294 ''rnanrarru
980 330 993 343 θ

148 414 192 471 ut
226 400 273 473 a'd
306 394 508 477 bominum
539 422 626 475 usus
661 402 919 501 divulgaretur
940 401 1106 499 ¹'scriptor
1138 402 1186 473 de

149 529 224 597 quo
263 528 382 575 sermo
419 520 484 575 est.
535 508 615 575 Hoc
646 500 748 576 enirn
782 506 939 576 nomine
966 508 1047 577 solo
1080 506 1185 576 hand

147 607 386 678 mediocriter
425 607 472 676 de
502 610 621 693 bonis
651 610 767 680 literis
794 623 988 692 meretur,
1042 608 1123 699 qui'
1144 608 1184 677 id

146 732 267 783 unum
300 711 395 805 agit,
431 723 475 778 ut
501 726 671 781 veterum
697 710 812 779 libros
838 712 899 780 vel
924 711 1031 779 nulla
1057 708 1192 779 addita·

147 812 212 879 vel
246 811 484 883 translatione
518 814 581 882 vel
611 813 922 906 interpretatione
956 812 1186 907 recudendos

146 930 259 982 curat
313 913 507 981 Praeterea
539 916 587 985 'si'
605 916 725 989 multa
761 914 823 983 ad·
839 915 995 983 Ctesi'a
1006 938 1062 982 m·
1076 914 1184 983 illus·

145 1015 323 1088 trandum
354 1016 528 1111 colligere
560 1018 601 1089 in
616 1020 766 1087 enimb·
785 1016 930 1101 luisset,
961 1016 1183 1089 ¹iustodiu-
1250 1060 1253 1065 -

145 1118 220 1188 tius
236 1119 286 1187 -in
314 1117 456 1187 scriniis
485 1118 676 1205 latuisset5
712 1116 819 1210 *quod
842 1118 985 1188 nolui-²
1013 1118 1080 1187 His
1108 1116 1184 1212 igt-

145 1233 219 1302 tut,
243 1240 339 1311 quae
365 1220 453 1289 Tibi
478 1220 555 1291 latri
578 1222 751 1315 praebeo,
782 1234 1001 1313 contentum
1024 1221 1081 1288 Te
1096 1240 1183 1287 esse

145 1321 326 1391 velim·L·.
350 1321 412 1406 B.,
453 1338 593 1409 cetera,
624 1344 723 1414 qnae
748 1322 900 1407 desunt,
937 1323 1019 1391 noli
1040 1343 1185 1397 curare·
1241 1392 1245 1399 ,

143 1423 286 1493 Indices
324 1423 451 1492 adbuc
487 1448 582 1494 nou¹
602 1424 818 1509 exstabant,
861 1420 998 1513 eosque
1033 1424 1188 1493 summos

143 1525 267 1597 studio
299 1524 459 1614 confeci,
494 1542 608 1618 atque
638 1527 774 1620 passim
800 1520 985 1596 nonnulla
1010 1546 1114 1616 quae
1130 1523 1183 1595 ad

144 1626 342 1700 Ctesiam
363 1626 641 1697 illustra-ndum
676 1630 797 1698 facere
831 1628 941 1697 mibi¹
959 1628 1186 1697 videbantun

142 1728 298 1798 intexui.
370 1729 548 1801 Tertium
571 1730 754 1801 'indicem
787 1728 1025 1824 benignitati
1068 1728 1187 1798 amici·

143 1830 335 1901 cuiusdam
363 1846 562 1926 acceptum·
583 1826 647 1911 me
675 1833 836 1919 referre,
870 1846 1027 1901 nontest
1055 1846 1181 1902 tacen-

143 1932 244 2028 dum.
395 1950 398 1955 ·
481 1956 484 1961 ·
546 2015 549 2021 Ι
616 1956 620 1987 2
681 1966 684 1971 ·
976 2008 979 2015 ,
1050 1964 1053 1971 ·
1175 1950 1185 1965 ·

153 2070 156 2075 -
242 2032 314 2101 Sed
347 2049 549 2127 antequam
582 2034 673 2103 huic
709 2034 1025 2127 praefatiunculae
1048 2035 1181 2105 ¹finem

141 2136 354 2228 imponam,
378 2137 475 2205 iusta
502 2136 612 2206 laude
638 2126 883 2229 praedicanda
911 2138 1006 2206 mihi
1033 2152 1088 2205 est
1108 2137 1180 2205 be÷
1206 2156 1209 2161 '

142 2239 303 2334 nignitas
345 2253 459 2330 atque
490 2238 704 2309 humanitas
738 2240 872 2314 eximia
905 2239 1048 2329 Equitis
1078 2237 1179 2308 ordi·
1216 2326 1219 2331 Α

53 2334 57 2341 ’
141 2343 199 2410 nis
225 2340 385 2409 Danebr.
412 2342 670 2431 Tychsenii‘
692 2338 734 2407 V.
756 2342 942 2410 Celeberr.
964 2340 1180 2409 Professoris

139 2445 182 2512 in
208 2443 407 2512 Academia
435 2458 559 2531 nostra
587 2443 841 2511 Orientalium
867 2442 1086 2537 linguarum
1113 2466 1179 2534 pe-¹

140 2544 328 2629 ritissimi,
370 2545 451 2635 qui,
489 2557 533 2613 ut
566 2544 678 2612 huius
711 2542 884 2612 editionis
912 2559 1177 2615 ornamentum

69 2708 73 2715 .
142 2660 252 2730 esset,
291 2668 334 2714 ea
365 2668 460 2736 qnae
485 2646 575 2715 olim
611 2645 659 2715 de
674 2646 804 2741 ‚verbis
835 2643 973 2725 Iudicis
994 2647 1035 2714 in
1060 2645 1179 2719 Hee-¹

49 2774 54 2787 ·
140 2749 264 2817 renii
289 2750 330 2816 V.
357 2748 527 2815 Celeber.
563 2747 661 2816 ldeis
697 2748 1179 2840 praeclaredisputaverat,

141 2851 263 2919 denno
290 2848 476 2941 percurrit
502 2850 635 2918 atalia
661 2848 709 2915 ad
735 2872 792 2919 vr.
818 2851 1003 2939 quaedam
1025 2850 1067 2917 in
1088 2846 1179 2919 Per··

139 2951 219 3022 sicis
243 2952 350 3021 obvia
376 2951 592 3043 explicanda
622 2949 783 3037 addidit,
826 2952 985 3041 quaein
1011 2953 1178 3021 Excursu

140 3053 227 3123 Tibi
259 3053 300 3123 in
326 3055 488 3122 latinu-m
512 3076 723 3123 sermonem
750 3076 771 3120 a
797 3077 858 3123 me
893 3074 1084 3125 conversa·
1101 3054 1180 3122 iam

137 3154 257 3227 trado.
272 3190 324 3209 --
348 3157 447 3225 Vale¹
462 3153 504 3227 L.
520 3154 558 3223 B.
582 3168 702 3247 atque.
716 3154 876 3250 inceptis
901 3156 995 3226 meis
1021 3155 1114 3223 fave.
1126 3190 1178 3207 -

190 3356 334 3427 naham
353 3357 574 3458 Gottingae,
588 3310 754 3430 'carena
769 3300 849 3427 tur.
871 3354 1177 3428 nocccxxrn

478 3626 847 3657 *⁴¹*—
